<record><leader>00000cas a22000007a 4500</leader><controlfield tag="001">21170022</controlfield><controlfield tag="008">900305d19551991fluir ne      0   a0eng c</controlfield><datafield ind1=" " ind2=" " tag="010"><subfield code="a">sn 90066138 </subfield></datafield><datafield ind1=" " ind2=" " tag="040"><subfield code="a">NYS</subfield><subfield code="b">eng</subfield><subfield code="c">NYS</subfield><subfield code="d">NSD</subfield><subfield code="d">FUG</subfield><subfield code="d">OCLCQ</subfield></datafield><datafield ind1=" " ind2=" " tag="012"><subfield code="j">0</subfield><subfield code="k">1</subfield><subfield code="m">d</subfield></datafield><datafield ind1="1" ind2=" " tag="022"><subfield code="a">1051-9351</subfield><subfield code="l">1051-9351</subfield><subfield code="2">1</subfield></datafield><datafield ind1=" " ind2=" " tag="032"><subfield code="a">005428</subfield><subfield code="b">USPS</subfield></datafield><datafield ind1=" " ind2=" " tag="042"><subfield code="a">pcc</subfield><subfield code="a">nsdp</subfield></datafield><datafield ind1=" " ind2="0" tag="222"><subfield code="a">Englewood sun times</subfield></datafield><datafield ind1="0" ind2="0" tag="245"><subfield code="a">Englewood sun times.</subfield></datafield><datafield ind1="1" ind2="7" tag="246"><subfield code="a">Englewood times</subfield></datafield><datafield ind1=" " ind2=" " tag="260"><subfield code="a">Englewood, FL :</subfield><subfield code="b">Sun Coast Media Group</subfield></datafield><datafield ind1=" " ind2=" " tag="300"><subfield code="a">v.</subfield></datafield><datafield ind1=" " ind2=" " tag="310"><subfield code="a">Triweekly,</subfield><subfield code="b">&lt;Nov. 3, 1990&gt;-</subfield></datafield><datafield ind1=" " ind2=" " tag="321"><subfield code="a">Semiweekly,</subfield><subfield code="b">&lt;Feb. 21, 1990&gt;-</subfield></datafield><datafield ind1="1" ind2=" " tag="362"><subfield code="a">Began in 1955; ceased in 1991.</subfield></datafield><datafield ind1=" " ind2=" " tag="588"><subfield code="a">Description based on: Vol. 35, no. 15 (Feb. 21, 1990).</subfield></datafield><datafield ind1=" " ind2=" " tag="588"><subfield code="a">Latest issue consulted: Vol. 35, no. 91 (Nov. 3, 1990).</subfield></datafield><datafield ind1=" " ind2=" " tag="752"><subfield code="a">United States</subfield><subfield code="b">Florida</subfield><subfield code="c">Charlotte</subfield><subfield code="d">Englewood.</subfield></datafield><datafield ind1="0" ind2="0" tag="785"><subfield code="t">Sun herald (Charlotte Harbor, Fla. : Englewood ed.)</subfield><subfield code="x">1068-7939</subfield><subfield code="w">(DLC)sn 93003703</subfield><subfield code="w">(OCoLC)27804448</subfield></datafield></record>